
    <marc:record>
        <marc:leader>04961cam a2200745 i 4500</marc:leader>
        <marc:controlfield tag="001">99161827435401452</marc:controlfield>
        <marc:controlfield tag="005">20231214213021.0</marc:controlfield>
        <marc:controlfield tag="006">m     o  d f      </marc:controlfield>
        <marc:controlfield tag="007">cr bn|||||||||</marc:controlfield>
        <marc:controlfield tag="008">150127s2015    dcuc    o    f000 0 eng  </marc:controlfield>
        <marc:datafield tag="019" ind1=" " ind2=" ">
            <marc:subfield code="a">1085677939</marc:subfield>
            <marc:subfield code="a">1086368080</marc:subfield>
            <marc:subfield code="a">1097532513</marc:subfield>
            <marc:subfield code="a">1119597480</marc:subfield>
            <marc:subfield code="a">1245863221</marc:subfield>
            <marc:subfield code="a">1245863833</marc:subfield>
            <marc:subfield code="a">1245864080</marc:subfield>
            <marc:subfield code="a">1245864134</marc:subfield>
            <marc:subfield code="a">1245864304</marc:subfield>
            <marc:subfield code="a">1245865726</marc:subfield>
            <marc:subfield code="a">1245865772</marc:subfield>
            <marc:subfield code="a">1245866973</marc:subfield>
            <marc:subfield code="a">1245867394</marc:subfield>
            <marc:subfield code="a">1245867529</marc:subfield>
            <marc:subfield code="a">1245867767</marc:subfield>
            <marc:subfield code="a">1245870459</marc:subfield>
            <marc:subfield code="a">1249435981</marc:subfield>
        </marc:datafield>
        <marc:datafield tag="035" ind1=" " ind2=" ">
            <marc:subfield code="a">(OCoLC)900796351</marc:subfield>
            <marc:subfield code="z">(OCoLC)1085677939</marc:subfield>
            <marc:subfield code="z">(OCoLC)1086368080</marc:subfield>
            <marc:subfield code="z">(OCoLC)1097532513</marc:subfield>
            <marc:subfield code="z">(OCoLC)1119597480</marc:subfield>
            <marc:subfield code="z">(OCoLC)1245863221</marc:subfield>
            <marc:subfield code="z">(OCoLC)1245863833</marc:subfield>
            <marc:subfield code="z">(OCoLC)1245864080</marc:subfield>
            <marc:subfield code="z">(OCoLC)1245864134</marc:subfield>
            <marc:subfield code="z">(OCoLC)1245864304</marc:subfield>
            <marc:subfield code="z">(OCoLC)1245865726</marc:subfield>
            <marc:subfield code="z">(OCoLC)1245865772</marc:subfield>
            <marc:subfield code="z">(OCoLC)1245866973</marc:subfield>
            <marc:subfield code="z">(OCoLC)1245867394</marc:subfield>
            <marc:subfield code="z">(OCoLC)1245867529</marc:subfield>
            <marc:subfield code="z">(OCoLC)1245867767</marc:subfield>
            <marc:subfield code="z">(OCoLC)1245870459</marc:subfield>
            <marc:subfield code="z">(OCoLC)1249435981</marc:subfield>
        </marc:datafield>
        <marc:datafield tag="035" ind1=" " ind2=" ">
            <marc:subfield code="a">(OCoLC)ocn900796351</marc:subfield>
        </marc:datafield>
        <marc:datafield tag="035" ind1=" " ind2=" ">
            <marc:subfield code="a">(EXLNZ-01ALLIANCE_NETWORK)99319917896401451</marc:subfield>
        </marc:datafield>
        <marc:datafield tag="035" ind1=" " ind2=" ">
            <marc:subfield code="a">(01ALLIANCE_UW)99161827435401452</marc:subfield>
        </marc:datafield>
        <marc:datafield tag="040" ind1=" " ind2=" ">
            <marc:subfield code="a">GPO</marc:subfield>
            <marc:subfield code="b">eng</marc:subfield>
            <marc:subfield code="e">rda</marc:subfield>
            <marc:subfield code="e">pn</marc:subfield>
            <marc:subfield code="c">GPO</marc:subfield>
            <marc:subfield code="d">GPO</marc:subfield>
            <marc:subfield code="d">STF</marc:subfield>
            <marc:subfield code="d">OCLCO</marc:subfield>
            <marc:subfield code="d">GPO</marc:subfield>
            <marc:subfield code="d">OCLCF</marc:subfield>
            <marc:subfield code="d">COO</marc:subfield>
            <marc:subfield code="d">OCLCO</marc:subfield>
            <marc:subfield code="d">GPO</marc:subfield>
            <marc:subfield code="d">OCL</marc:subfield>
            <marc:subfield code="d">CWCLL</marc:subfield>
            <marc:subfield code="d">OCLCA</marc:subfield>
            <marc:subfield code="d">LWA</marc:subfield>
            <marc:subfield code="d">FQG</marc:subfield>
            <marc:subfield code="d">OCLCE</marc:subfield>
            <marc:subfield code="d">OCLCQ</marc:subfield>
            <marc:subfield code="d">OCLCO</marc:subfield>
            <marc:subfield code="d">YOR</marc:subfield>
            <marc:subfield code="d">FNL</marc:subfield>
            <marc:subfield code="d">IPU</marc:subfield>
            <marc:subfield code="d">OCLCQ</marc:subfield>
            <marc:subfield code="d">OCLCO</marc:subfield>
            <marc:subfield code="d">OCLCQ</marc:subfield>
            <marc:subfield code="d">OCLCO</marc:subfield>
            <marc:subfield code="d">OCLCL</marc:subfield>
        </marc:datafield>
        <marc:datafield tag="042" ind1=" " ind2=" ">
            <marc:subfield code="a">pcc</marc:subfield>
            <marc:subfield code="a">dlr</marc:subfield>
        </marc:datafield>
        <marc:datafield tag="043" ind1=" " ind2=" ">
            <marc:subfield code="a">n-us---</marc:subfield>
        </marc:datafield>
        <marc:datafield tag="049" ind1=" " ind2=" ">
            <marc:subfield code="a">MAIN</marc:subfield>
        </marc:datafield>
        <marc:datafield tag="050" ind1=" " ind2="4">
            <marc:subfield code="a">KF27</marc:subfield>
            <marc:subfield code="b">.A7659 2014a</marc:subfield>
        </marc:datafield>
        <marc:datafield tag="074" ind1=" " ind2=" ">
            <marc:subfield code="a">1012-F (online)</marc:subfield>
        </marc:datafield>
        <marc:datafield tag="086" ind1="0" ind2=" ">
            <marc:subfield code="a">Y 4.AR 5/2 A:2013-2014/110</marc:subfield>
        </marc:datafield>
        <marc:datafield tag="088" ind1=" " ind2=" ">
            <marc:subfield code="a">H.A.S.C. no. 113-110</marc:subfield>
        </marc:datafield>
        <marc:datafield tag="110" ind1="1" ind2=" ">
            <marc:subfield code="a">United States.</marc:subfield>
            <marc:subfield code="b">Congress.</marc:subfield>
            <marc:subfield code="b">House.</marc:subfield>
            <marc:subfield code="b">Committee on Armed Services.</marc:subfield>
            <marc:subfield code="b">Subcommittee on Readiness,</marc:subfield>
            <marc:subfield code="e">author.</marc:subfield>
        </marc:datafield>
        <marc:datafield tag="245" ind1="1" ind2="4">
            <marc:subfield code="a">The Department of Defense's readiness posture :</marc:subfield>
            <marc:subfield code="b">hearing before the Subcommittee on Readiness of the Committee on Armed Services, House of Representatives, One Hundred Thirteenth Congress, first session, hearing held April 10, 2014.</marc:subfield>
        </marc:datafield>
        <marc:datafield tag="264" ind1=" " ind2="1">
            <marc:subfield code="a">Washington :</marc:subfield>
            <marc:subfield code="b">U.S. Government Printing Office,</marc:subfield>
            <marc:subfield code="c">2015.</marc:subfield>
        </marc:datafield>
        <marc:datafield tag="300" ind1=" " ind2=" ">
            <marc:subfield code="a">1 online resource (iii, 149 pages) :</marc:subfield>
            <marc:subfield code="b">portraits</marc:subfield>
        </marc:datafield>
        <marc:datafield tag="336" ind1=" " ind2=" ">
            <marc:subfield code="a">text</marc:subfield>
            <marc:subfield code="b">txt</marc:subfield>
            <marc:subfield code="2">rdacontent</marc:subfield>
        </marc:datafield>
        <marc:datafield tag="337" ind1=" " ind2=" ">
            <marc:subfield code="a">computer</marc:subfield>
            <marc:subfield code="b">c</marc:subfield>
            <marc:subfield code="2">rdamedia</marc:subfield>
        </marc:datafield>
        <marc:datafield tag="338" ind1=" " ind2=" ">
            <marc:subfield code="a">online resource</marc:subfield>
            <marc:subfield code="b">cr</marc:subfield>
            <marc:subfield code="2">rdacarrier</marc:subfield>
        </marc:datafield>
        <marc:datafield tag="533" ind1=" " ind2=" ">
            <marc:subfield code="a">Electronic reproduction.</marc:subfield>
            <marc:subfield code="b">[Place of publication not identified] :</marc:subfield>
            <marc:subfield code="c">HathiTrust Digital Library,</marc:subfield>
            <marc:subfield code="d">2011.</marc:subfield>
            <marc:subfield code="5">MiAaHDL</marc:subfield>
        </marc:datafield>
        <marc:datafield tag="538" ind1=" " ind2=" ">
            <marc:subfield code="a">Master and use copy. Digital master created according to Benchmark for Faithful Digital Reproductions of Monographs and Serials, Version 1. Digital Library Federation, December 2002.</marc:subfield>
            <marc:subfield code="u">http://purl.oclc.org/DLF/benchrepro0212</marc:subfield>
            <marc:subfield code="5">MiAaHDL</marc:subfield>
        </marc:datafield>
        <marc:datafield tag="583" ind1="1" ind2=" ">
            <marc:subfield code="a">digitized</marc:subfield>
            <marc:subfield code="c">2011</marc:subfield>
            <marc:subfield code="h">HathiTrust Digital Library</marc:subfield>
            <marc:subfield code="l">committed to preserve</marc:subfield>
            <marc:subfield code="2">pda</marc:subfield>
            <marc:subfield code="5">MiAaHDL</marc:subfield>
        </marc:datafield>
        <marc:datafield tag="500" ind1=" " ind2=" ">
            <marc:subfield code="a">Title from title screen (viewed on January 27, 2015).</marc:subfield>
        </marc:datafield>
        <marc:datafield tag="500" ind1=" " ind2=" ">
            <marc:subfield code="a">Paper version available for sale by the Superintendent of Documents, U.S. Government Printing Office.</marc:subfield>
        </marc:datafield>
        <marc:datafield tag="500" ind1=" " ind2=" ">
            <marc:subfield code="a">&quot;H.A.S.C. no. 113-110.&quot;</marc:subfield>
        </marc:datafield>
        <marc:datafield tag="506" ind1=" " ind2=" ">
            <marc:subfield code="3">Use copy</marc:subfield>
            <marc:subfield code="f">Restrictions unspecified</marc:subfield>
            <marc:subfield code="2">star</marc:subfield>
            <marc:subfield code="5">MiAaHDL</marc:subfield>
        </marc:datafield>
        <marc:datafield tag="650" ind1=" " ind2="0">
            <marc:subfield code="a">Sequestration (Public finance)</marc:subfield>
            <marc:subfield code="z">United States.</marc:subfield>
        </marc:datafield>
        <marc:datafield tag="650" ind1=" " ind2="7">
            <marc:subfield code="a">Armed Forces</marc:subfield>
            <marc:subfield code="x">Appropriations and expenditures</marc:subfield>
            <marc:subfield code="2">fast</marc:subfield>
        </marc:datafield>
        <marc:datafield tag="650" ind1=" " ind2="7">
            <marc:subfield code="a">Armed Forces</marc:subfield>
            <marc:subfield code="x">Operational readiness</marc:subfield>
            <marc:subfield code="2">fast</marc:subfield>
        </marc:datafield>
        <marc:datafield tag="650" ind1=" " ind2="7">
            <marc:subfield code="a">Expenditures, Public</marc:subfield>
            <marc:subfield code="2">fast</marc:subfield>
        </marc:datafield>
        <marc:datafield tag="650" ind1=" " ind2="7">
            <marc:subfield code="a">Military readiness</marc:subfield>
            <marc:subfield code="x">Planning</marc:subfield>
            <marc:subfield code="2">fast</marc:subfield>
        </marc:datafield>
        <marc:datafield tag="650" ind1=" " ind2="7">
            <marc:subfield code="a">Sequestration (Public finance)</marc:subfield>
            <marc:subfield code="2">fast</marc:subfield>
        </marc:datafield>
        <marc:datafield tag="651" ind1=" " ind2="0">
            <marc:subfield code="a">United States</marc:subfield>
            <marc:subfield code="x">Armed Forces</marc:subfield>
            <marc:subfield code="x">Appropriations and expenditures.</marc:subfield>
        </marc:datafield>
        <marc:datafield tag="651" ind1=" " ind2="0">
            <marc:subfield code="a">United States</marc:subfield>
            <marc:subfield code="x">Armed Forces</marc:subfield>
            <marc:subfield code="x">Operational readiness.</marc:subfield>
        </marc:datafield>
        <marc:datafield tag="651" ind1=" " ind2="0">
            <marc:subfield code="a">United States</marc:subfield>
            <marc:subfield code="x">Defenses</marc:subfield>
            <marc:subfield code="x">Planning.</marc:subfield>
        </marc:datafield>
        <marc:datafield tag="651" ind1=" " ind2="6">
            <marc:subfield code="a">États-Unis</marc:subfield>
            <marc:subfield code="x">Défense nationale</marc:subfield>
            <marc:subfield code="x">Planification.</marc:subfield>
        </marc:datafield>
        <marc:datafield tag="651" ind1=" " ind2="7">
            <marc:subfield code="a">United States</marc:subfield>
            <marc:subfield code="2">fast</marc:subfield>
            <marc:subfield code="1">https://id.oclc.org/worldcat/entity/E39PBJtxgQXMWqmjMjjwXRHgrq</marc:subfield>
        </marc:datafield>
        <marc:datafield tag="610" ind1="1" ind2="0">
            <marc:subfield code="a">United States.</marc:subfield>
            <marc:subfield code="b">Department of Defense</marc:subfield>
            <marc:subfield code="x">Appropriations and expenditures.</marc:subfield>
        </marc:datafield>
        <marc:datafield tag="610" ind1="1" ind2="7">
            <marc:subfield code="a">United States.</marc:subfield>
            <marc:subfield code="b">Department of Defense</marc:subfield>
            <marc:subfield code="2">fast</marc:subfield>
        </marc:datafield>
        <marc:datafield tag="655" ind1=" " ind2="4">
            <marc:subfield code="a">Legislative hearings.</marc:subfield>
        </marc:datafield>
        <marc:datafield tag="655" ind1=" " ind2="7">
            <marc:subfield code="a">Legislative hearings</marc:subfield>
            <marc:subfield code="2">fast</marc:subfield>
        </marc:datafield>
        <marc:datafield tag="655" ind1=" " ind2="7">
            <marc:subfield code="a">Legislative hearings.</marc:subfield>
            <marc:subfield code="2">lcgft</marc:subfield>
        </marc:datafield>
        <marc:datafield tag="655" ind1=" " ind2="7">
            <marc:subfield code="a">Audiences législatives.</marc:subfield>
            <marc:subfield code="2">rvmgf</marc:subfield>
        </marc:datafield>
        <marc:datafield tag="776" ind1="0" ind2="8">
            <marc:subfield code="i">Print version:</marc:subfield>
            <marc:subfield code="a">United States. Congress. House. Committee on Armed Services. Subcommittee on Readiness.</marc:subfield>
            <marc:subfield code="t">Department of Defense's readiness posture</marc:subfield>
            <marc:subfield code="w">(OCoLC)903942975</marc:subfield>
        </marc:datafield>
        <marc:datafield tag="776" ind1="0" ind2="8">
            <marc:subfield code="i">Microfiche version:</marc:subfield>
            <marc:subfield code="a">United States. Congress. House. Committee on Armed Services. Subcommittee on Readiness.</marc:subfield>
            <marc:subfield code="t">Department of Defense's readiness posture</marc:subfield>
            <marc:subfield code="w">(OCoLC)908635404</marc:subfield>
        </marc:datafield>
        <marc:datafield tag="776" ind1="0" ind2="8">
            <marc:subfield code="i">Online version:</marc:subfield>
            <marc:subfield code="a">United States. Congress. House. Committee on Armed Services. Subcommittee on Readiness.</marc:subfield>
            <marc:subfield code="t">Department of Defense's readiness posture</marc:subfield>
            <marc:subfield code="w">(OCoLC)1085677939</marc:subfield>
        </marc:datafield>
        <marc:datafield tag="856" ind1="4" ind2="0">
            <marc:subfield code="3">Google</marc:subfield>
            <marc:subfield code="u">http://books.google.com/books?id=U4OX2s4Hz8IC</marc:subfield>
        </marc:datafield>
        <marc:datafield tag="856" ind1="4" ind2="0">
            <marc:subfield code="3">HathiTrust Digital Library</marc:subfield>
            <marc:subfield code="u">http://catalog.hathitrust.org/api/volumes/oclc/903942975.html</marc:subfield>
        </marc:datafield>
        <marc:datafield tag="856" ind1="4" ind2="0">
            <marc:subfield code="3">HeinOnline</marc:subfield>
            <marc:subfield code="u">https://heinonline.org/HOL/Page?handle=hein.cbhear/fdsysabne0001&amp;id=1&amp;size=2&amp;collection=congrec&amp;index=alpha/D_cbhear</marc:subfield>
        </marc:datafield>
        <marc:datafield tag="856" ind1="4" ind2="0">
            <marc:subfield code="3">HeinOnline</marc:subfield>
            <marc:subfield code="u">https://heinonline.org/HOL/Page?handle=hein.cbhear/fdsysabne0001&amp;id=1&amp;size=2&amp;collection=congrec&amp;index=cbhear</marc:subfield>
        </marc:datafield>
        <marc:datafield tag="856" ind1="4" ind2="0">
            <marc:subfield code="u">http://purl.fdlp.gov/GPO/gpo54842</marc:subfield>
            <marc:subfield code="7">0</marc:subfield>
        </marc:datafield>
        <marc:datafield tag="856" ind1="4" ind2="0">
            <marc:subfield code="u">https://purl.fdlp.gov/GPO/gpo54842</marc:subfield>
            <marc:subfield code="7">0</marc:subfield>
        </marc:datafield>
        <marc:datafield tag="856" ind1="4" ind2=" ">
            <marc:subfield code="u">http://www.gpo.gov/fdsys/pkg/CHRG-113hhrg88455/pdf/CHRG-113hhrg88455.pdf</marc:subfield>
        </marc:datafield>
        <marc:datafield tag="994" ind1=" " ind2=" ">
            <marc:subfield code="a">92</marc:subfield>
            <marc:subfield code="b">OCACL</marc:subfield>
        </marc:datafield>
    </marc:record>