
    <marc:record>
        <marc:leader>06819cam a2201009 i 4500</marc:leader>
        <marc:controlfield tag="001">99161832945801452</marc:controlfield>
        <marc:controlfield tag="005">20240426213016.0</marc:controlfield>
        <marc:controlfield tag="006">m     o  d        </marc:controlfield>
        <marc:controlfield tag="007">cr |||||||||||</marc:controlfield>
        <marc:controlfield tag="008">140807s2015    ncua    ob    001 0 eng  </marc:controlfield>
        <marc:datafield tag="010" ind1=" " ind2=" ">
            <marc:subfield code="a">  2020719541</marc:subfield>
        </marc:datafield>
        <marc:datafield tag="019" ind1=" " ind2=" ">
            <marc:subfield code="a">895232768</marc:subfield>
            <marc:subfield code="a">897070266</marc:subfield>
            <marc:subfield code="a">906185795</marc:subfield>
            <marc:subfield code="a">982239095</marc:subfield>
            <marc:subfield code="a">987456020</marc:subfield>
            <marc:subfield code="a">1005751652</marc:subfield>
            <marc:subfield code="a">1048136570</marc:subfield>
            <marc:subfield code="a">1103687200</marc:subfield>
            <marc:subfield code="a">1107354358</marc:subfield>
            <marc:subfield code="a">1125828671</marc:subfield>
            <marc:subfield code="a">1153011452</marc:subfield>
            <marc:subfield code="a">1314035273</marc:subfield>
            <marc:subfield code="a">1370312241</marc:subfield>
        </marc:datafield>
        <marc:datafield tag="020" ind1=" " ind2=" ">
            <marc:subfield code="z">9780822357650</marc:subfield>
            <marc:subfield code="q">hardcover : alk. paper</marc:subfield>
        </marc:datafield>
        <marc:datafield tag="020" ind1=" " ind2=" ">
            <marc:subfield code="z">9780822357810</marc:subfield>
            <marc:subfield code="q">pbk. : alk. paper</marc:subfield>
        </marc:datafield>
        <marc:datafield tag="020" ind1=" " ind2=" ">
            <marc:subfield code="z">9780822376125</marc:subfield>
            <marc:subfield code="q">e-book</marc:subfield>
        </marc:datafield>
        <marc:datafield tag="020" ind1=" " ind2=" ">
            <marc:subfield code="a">0822376121</marc:subfield>
            <marc:subfield code="q">(electronic bk.)</marc:subfield>
        </marc:datafield>
        <marc:datafield tag="020" ind1=" " ind2=" ">
            <marc:subfield code="a">9780822376125</marc:subfield>
        </marc:datafield>
        <marc:datafield tag="020" ind1=" " ind2=" ">
            <marc:subfield code="z">0822357658</marc:subfield>
            <marc:subfield code="q">(hardcover ;</marc:subfield>
            <marc:subfield code="q">alk. paper)</marc:subfield>
        </marc:datafield>
        <marc:datafield tag="020" ind1=" " ind2=" ">
            <marc:subfield code="z">082235781X</marc:subfield>
            <marc:subfield code="q">(pbk. ;</marc:subfield>
            <marc:subfield code="q">alk. paper)</marc:subfield>
        </marc:datafield>
        <marc:datafield tag="020" ind1="0" ind2=" ">
            <marc:subfield code="a">9781478091295</marc:subfield>
            <marc:subfield code="q">(online)</marc:subfield>
        </marc:datafield>
        <marc:datafield tag="020" ind1=" " ind2=" ">
            <marc:subfield code="a">1478091290</marc:subfield>
        </marc:datafield>
        <marc:datafield tag="035" ind1=" " ind2=" ">
            <marc:subfield code="a">(OCoLC)1334663580</marc:subfield>
            <marc:subfield code="z">(OCoLC)895232768</marc:subfield>
            <marc:subfield code="z">(OCoLC)897070266</marc:subfield>
            <marc:subfield code="z">(OCoLC)906185795</marc:subfield>
            <marc:subfield code="z">(OCoLC)982239095</marc:subfield>
            <marc:subfield code="z">(OCoLC)987456020</marc:subfield>
            <marc:subfield code="z">(OCoLC)1005751652</marc:subfield>
            <marc:subfield code="z">(OCoLC)1048136570</marc:subfield>
            <marc:subfield code="z">(OCoLC)1103687200</marc:subfield>
            <marc:subfield code="z">(OCoLC)1107354358</marc:subfield>
            <marc:subfield code="z">(OCoLC)1125828671</marc:subfield>
            <marc:subfield code="z">(OCoLC)1153011452</marc:subfield>
            <marc:subfield code="z">(OCoLC)1314035273</marc:subfield>
            <marc:subfield code="z">(OCoLC)1370312241</marc:subfield>
        </marc:datafield>
        <marc:datafield tag="035" ind1=" " ind2=" ">
            <marc:subfield code="a">(OCoLC)on1334663580</marc:subfield>
        </marc:datafield>
        <marc:datafield tag="035" ind1=" " ind2=" ">
            <marc:subfield code="a">(EXLNZ-01ALLIANCE_NETWORK)99331358877401451</marc:subfield>
        </marc:datafield>
        <marc:datafield tag="035" ind1=" " ind2=" ">
            <marc:subfield code="a">(01ALLIANCE_UW)99161832945801452</marc:subfield>
        </marc:datafield>
        <marc:datafield tag="037" ind1=" " ind2=" ">
            <marc:subfield code="a">100326</marc:subfield>
            <marc:subfield code="b">Knowledge Unlatched</marc:subfield>
        </marc:datafield>
        <marc:datafield tag="040" ind1=" " ind2=" ">
            <marc:subfield code="a">DLC</marc:subfield>
            <marc:subfield code="b">eng</marc:subfield>
            <marc:subfield code="e">pn</marc:subfield>
            <marc:subfield code="e">rda</marc:subfield>
            <marc:subfield code="c">DLC</marc:subfield>
            <marc:subfield code="d">OCLCF</marc:subfield>
            <marc:subfield code="d">NDD</marc:subfield>
            <marc:subfield code="d">YDXCP</marc:subfield>
            <marc:subfield code="d">COO</marc:subfield>
            <marc:subfield code="d">CUS</marc:subfield>
            <marc:subfield code="d">WAU</marc:subfield>
            <marc:subfield code="d">N$T</marc:subfield>
            <marc:subfield code="d">E7B</marc:subfield>
            <marc:subfield code="d">EBLCP</marc:subfield>
            <marc:subfield code="d">ELW</marc:subfield>
            <marc:subfield code="d">ORE</marc:subfield>
            <marc:subfield code="d">S4S</marc:subfield>
            <marc:subfield code="d">CHVBK</marc:subfield>
            <marc:subfield code="d">AUD</marc:subfield>
            <marc:subfield code="d">UAB</marc:subfield>
            <marc:subfield code="d">BIBBD</marc:subfield>
            <marc:subfield code="d">OTZ</marc:subfield>
            <marc:subfield code="d">IOG</marc:subfield>
            <marc:subfield code="d">VT2</marc:subfield>
            <marc:subfield code="d">UKKNU</marc:subfield>
            <marc:subfield code="d">CEF</marc:subfield>
            <marc:subfield code="d">INT</marc:subfield>
            <marc:subfield code="d">U3W</marc:subfield>
            <marc:subfield code="d">BRX</marc:subfield>
            <marc:subfield code="d">WYU</marc:subfield>
            <marc:subfield code="d">UPM</marc:subfield>
            <marc:subfield code="d">DKC</marc:subfield>
            <marc:subfield code="d">AU@</marc:subfield>
            <marc:subfield code="d">P@U</marc:subfield>
            <marc:subfield code="d">MM9</marc:subfield>
            <marc:subfield code="d">AAA</marc:subfield>
            <marc:subfield code="d">LVT</marc:subfield>
            <marc:subfield code="d">OCLCE</marc:subfield>
            <marc:subfield code="d">OCLCO</marc:subfield>
            <marc:subfield code="d">WSU</marc:subfield>
            <marc:subfield code="d">OCLCL</marc:subfield>
        </marc:datafield>
        <marc:datafield tag="042" ind1=" " ind2=" ">
            <marc:subfield code="a">dlr</marc:subfield>
        </marc:datafield>
        <marc:datafield tag="043" ind1=" " ind2=" ">
            <marc:subfield code="a">n-mx---</marc:subfield>
        </marc:datafield>
        <marc:datafield tag="049" ind1=" " ind2=" ">
            <marc:subfield code="a">MAIN</marc:subfield>
        </marc:datafield>
        <marc:datafield tag="050" ind1="0" ind2="0">
            <marc:subfield code="a">ND259.Z787</marc:subfield>
        </marc:datafield>
        <marc:datafield tag="072" ind1=" " ind2="7">
            <marc:subfield code="a">BIO</marc:subfield>
            <marc:subfield code="x">001000</marc:subfield>
            <marc:subfield code="2">bisacsh</marc:subfield>
        </marc:datafield>
        <marc:datafield tag="072" ind1=" " ind2="7">
            <marc:subfield code="a">ART</marc:subfield>
            <marc:subfield code="x">015000</marc:subfield>
            <marc:subfield code="2">bisacsh</marc:subfield>
        </marc:datafield>
        <marc:datafield tag="082" ind1="0" ind2="0">
            <marc:subfield code="a">759.972</marc:subfield>
            <marc:subfield code="a">B</marc:subfield>
            <marc:subfield code="2">23</marc:subfield>
        </marc:datafield>
        <marc:datafield tag="100" ind1="1" ind2=" ">
            <marc:subfield code="a">Vaughan, Mary K.,</marc:subfield>
            <marc:subfield code="d">1942-</marc:subfield>
        </marc:datafield>
        <marc:datafield tag="245" ind1="1" ind2="0">
            <marc:subfield code="a">Portrait of a young painter :</marc:subfield>
            <marc:subfield code="b">Pepe Zúñiga and Mexico City's rebel generation /</marc:subfield>
            <marc:subfield code="c">Mary Kay Vaughan.</marc:subfield>
        </marc:datafield>
        <marc:datafield tag="264" ind1=" " ind2="1">
            <marc:subfield code="a">Durham :</marc:subfield>
            <marc:subfield code="b">Duke University Press,</marc:subfield>
            <marc:subfield code="c">2015.</marc:subfield>
        </marc:datafield>
        <marc:datafield tag="300" ind1=" " ind2=" ">
            <marc:subfield code="a">1 electronic resource (xiii, 289 pages )</marc:subfield>
        </marc:datafield>
        <marc:datafield tag="336" ind1=" " ind2=" ">
            <marc:subfield code="a">text</marc:subfield>
            <marc:subfield code="b">txt</marc:subfield>
            <marc:subfield code="2">rdacontent</marc:subfield>
        </marc:datafield>
        <marc:datafield tag="337" ind1=" " ind2=" ">
            <marc:subfield code="a">computer</marc:subfield>
            <marc:subfield code="b">c</marc:subfield>
            <marc:subfield code="2">rdamedia</marc:subfield>
        </marc:datafield>
        <marc:datafield tag="338" ind1=" " ind2=" ">
            <marc:subfield code="a">online resource</marc:subfield>
            <marc:subfield code="b">cr</marc:subfield>
            <marc:subfield code="2">rdacarrier</marc:subfield>
        </marc:datafield>
        <marc:datafield tag="533" ind1=" " ind2=" ">
            <marc:subfield code="a">Electronic reproduction.</marc:subfield>
            <marc:subfield code="b">[Place of publication not identified]:</marc:subfield>
            <marc:subfield code="c">HathiTrust Digital Library.</marc:subfield>
            <marc:subfield code="d">2023.</marc:subfield>
            <marc:subfield code="5">MiAaHDL</marc:subfield>
        </marc:datafield>
        <marc:datafield tag="538" ind1=" " ind2=" ">
            <marc:subfield code="a">Master and use copy. Digital master created according to Benchmark for Faithful Digital Reproductions of Monographs and Serials, Version 1. Digital Library Federation, December 2002.</marc:subfield>
            <marc:subfield code="u">http://purl.oclc.org/DLF/benchrepro0212</marc:subfield>
            <marc:subfield code="5">MiAaHDL</marc:subfield>
        </marc:datafield>
        <marc:datafield tag="583" ind1="1" ind2=" ">
            <marc:subfield code="a">digitized</marc:subfield>
            <marc:subfield code="c">2023.</marc:subfield>
            <marc:subfield code="h">HathiTrust Digital Library</marc:subfield>
            <marc:subfield code="l">committed to preserve</marc:subfield>
            <marc:subfield code="2">pda</marc:subfield>
            <marc:subfield code="5">MiAaHDL</marc:subfield>
        </marc:datafield>
        <marc:datafield tag="520" ind1=" " ind2=" ">
            <marc:subfield code="a">This book adopts a biographical approach to understanding the culture surrounding the Mexico City youth rebellion of the 1960s. Mary Kay Vaughan's chronicle of the life of painter Pepe Zúñiga counters a literature that portrays post-1940 Mexican history as a series of uprisings against state repression, injustice, and social neglect that culminated in the student protests of 1968. Rendering Zúñiga's coming of age on the margins of formal politics, Vaughan depicts midcentury Mexico City as a culture of growing prosperity, state largesse, and a vibrant, transnationally-informed public life that produced a multifaceted youth movement brimming with creativity and criticism of convention. By discussing the influences that shaped Zuniga's worldview, she historicizes the process of subject formation and shows how doing so offers new perspectives on the events of 1968.</marc:subfield>
        </marc:datafield>
        <marc:datafield tag="542" ind1="1" ind2=" ">
            <marc:subfield code="f">This work is licensed by Knowledge Unlatched under a Creative Commons license</marc:subfield>
            <marc:subfield code="u">https://creativecommons.org/licenses/by-nc-nd/4.0/legalcode</marc:subfield>
        </marc:datafield>
        <marc:datafield tag="588" ind1=" " ind2=" ">
            <marc:subfield code="a">Description based on print version record; resource not viewed.</marc:subfield>
        </marc:datafield>
        <marc:datafield tag="546" ind1=" " ind2=" ">
            <marc:subfield code="a">Eng.</marc:subfield>
        </marc:datafield>
        <marc:datafield tag="504" ind1=" " ind2=" ">
            <marc:subfield code="a">Includes bibliographical references (pages 259-278) and index.</marc:subfield>
        </marc:datafield>
        <marc:datafield tag="505" ind1="0" ind2=" ">
            <marc:subfield code="a">Lupe's voice -- Enchanting city/magical radio -- Pepe at school and with God, the Virgin, and the saints -- My father, my teacher -- The Zúñiga family as a radionovela -- &quot;How difficult is adolescence!&quot; -- &quot;Five pesos, two pencils, and an eraser!&quot; -- Exuberant interlude : painting at the Museo de Antropología -- Private struggle/public protest : 1965-1972 -- Subjectivity and the public sphere : the mature art of José Zúñiga.</marc:subfield>
        </marc:datafield>
        <marc:datafield tag="506" ind1=" " ind2=" ">
            <marc:subfield code="3">Use copy</marc:subfield>
            <marc:subfield code="f">Restrictions unspecified</marc:subfield>
            <marc:subfield code="2">star</marc:subfield>
            <marc:subfield code="5">MiAaHDL</marc:subfield>
        </marc:datafield>
        <marc:datafield tag="650" ind1=" " ind2="0">
            <marc:subfield code="a">Art</marc:subfield>
            <marc:subfield code="x">Political aspects</marc:subfield>
            <marc:subfield code="z">Mexico.</marc:subfield>
        </marc:datafield>
        <marc:datafield tag="650" ind1=" " ind2="0">
            <marc:subfield code="a">Painters</marc:subfield>
            <marc:subfield code="z">Mexico</marc:subfield>
            <marc:subfield code="v">Biography.</marc:subfield>
        </marc:datafield>
        <marc:datafield tag="650" ind1=" " ind2="6">
            <marc:subfield code="a">Peintres</marc:subfield>
            <marc:subfield code="z">Mexique</marc:subfield>
            <marc:subfield code="v">Biographies.</marc:subfield>
        </marc:datafield>
        <marc:datafield tag="650" ind1=" " ind2="6">
            <marc:subfield code="a">Art</marc:subfield>
            <marc:subfield code="x">Aspect politique</marc:subfield>
            <marc:subfield code="z">Mexique.</marc:subfield>
        </marc:datafield>
        <marc:datafield tag="650" ind1=" " ind2="7">
            <marc:subfield code="a">History of the Americas.</marc:subfield>
            <marc:subfield code="2">bicssc</marc:subfield>
        </marc:datafield>
        <marc:datafield tag="650" ind1=" " ind2="7">
            <marc:subfield code="a">History.</marc:subfield>
            <marc:subfield code="2">bicssc</marc:subfield>
        </marc:datafield>
        <marc:datafield tag="650" ind1=" " ind2="7">
            <marc:subfield code="a">Humanities.</marc:subfield>
            <marc:subfield code="2">bicssc</marc:subfield>
        </marc:datafield>
        <marc:datafield tag="650" ind1=" " ind2="7">
            <marc:subfield code="a">Regional and national history.</marc:subfield>
            <marc:subfield code="2">bicssc</marc:subfield>
        </marc:datafield>
        <marc:datafield tag="650" ind1=" " ind2="7">
            <marc:subfield code="a">ART</marc:subfield>
            <marc:subfield code="x">History</marc:subfield>
            <marc:subfield code="x">General.</marc:subfield>
            <marc:subfield code="2">bisacsh</marc:subfield>
        </marc:datafield>
        <marc:datafield tag="650" ind1=" " ind2="7">
            <marc:subfield code="a">BIOGRAPHY &amp; AUTOBIOGRAPHY</marc:subfield>
            <marc:subfield code="x">Artists, Architects, Photographers.</marc:subfield>
            <marc:subfield code="2">bisacsh</marc:subfield>
        </marc:datafield>
        <marc:datafield tag="650" ind1=" " ind2="7">
            <marc:subfield code="a">Art</marc:subfield>
            <marc:subfield code="x">Political aspects</marc:subfield>
            <marc:subfield code="2">fast</marc:subfield>
        </marc:datafield>
        <marc:datafield tag="650" ind1=" " ind2="7">
            <marc:subfield code="a">Painters</marc:subfield>
            <marc:subfield code="2">fast</marc:subfield>
        </marc:datafield>
        <marc:datafield tag="650" ind1=" " ind2="7">
            <marc:subfield code="a">Painters</marc:subfield>
            <marc:subfield code="z">Mexico</marc:subfield>
            <marc:subfield code="v">Biography.</marc:subfield>
            <marc:subfield code="2">nli</marc:subfield>
        </marc:datafield>
        <marc:datafield tag="650" ind1=" " ind2="7">
            <marc:subfield code="a">Art</marc:subfield>
            <marc:subfield code="x">Political aspects</marc:subfield>
            <marc:subfield code="z">Mexico.</marc:subfield>
            <marc:subfield code="2">nli</marc:subfield>
        </marc:datafield>
        <marc:datafield tag="651" ind1=" " ind2="7">
            <marc:subfield code="a">Mexico</marc:subfield>
            <marc:subfield code="2">fast</marc:subfield>
        </marc:datafield>
        <marc:datafield tag="655" ind1=" " ind2="7">
            <marc:subfield code="a">Biographies</marc:subfield>
            <marc:subfield code="2">fast</marc:subfield>
        </marc:datafield>
        <marc:datafield tag="655" ind1=" " ind2="7">
            <marc:subfield code="a">Biographies.</marc:subfield>
            <marc:subfield code="2">lcgft</marc:subfield>
        </marc:datafield>
        <marc:datafield tag="655" ind1=" " ind2="7">
            <marc:subfield code="a">Biographies.</marc:subfield>
            <marc:subfield code="2">rvmgf</marc:subfield>
        </marc:datafield>
        <marc:datafield tag="600" ind1="1" ind2="0">
            <marc:subfield code="a">Zúñiga, José,</marc:subfield>
            <marc:subfield code="d">1937-</marc:subfield>
        </marc:datafield>
        <marc:datafield tag="600" ind1="1" ind2="1">
            <marc:subfield code="a">Zúñiga, Jose,</marc:subfield>
            <marc:subfield code="d">1937-</marc:subfield>
        </marc:datafield>
        <marc:datafield tag="600" ind1="1" ind2="7">
            <marc:subfield code="a">Zúñiga, José,</marc:subfield>
            <marc:subfield code="d">1937-</marc:subfield>
            <marc:subfield code="2">fast</marc:subfield>
        </marc:datafield>
        <marc:datafield tag="600" ind1="1" ind2="7">
            <marc:subfield code="a">Zúñiga, José,</marc:subfield>
            <marc:subfield code="d">1937-.</marc:subfield>
            <marc:subfield code="2">nli</marc:subfield>
        </marc:datafield>
        <marc:datafield tag="776" ind1="0" ind2="8">
            <marc:subfield code="i">Print version:</marc:subfield>
            <marc:subfield code="t">Portrait of a young painter</marc:subfield>
            <marc:subfield code="d">Durham : Duke University Press, 2015.</marc:subfield>
            <marc:subfield code="z">9780822357650 (hardcover : alk. paper)</marc:subfield>
            <marc:subfield code="w">(DLC)  2014030835</marc:subfield>
        </marc:datafield>
        <marc:datafield tag="758" ind1=" " ind2=" ">
            <marc:subfield code="i">has work:</marc:subfield>
            <marc:subfield code="a">Portrait of a young painter (Text)</marc:subfield>
            <marc:subfield code="1">https://id.oclc.org/worldcat/entity/E39PCFFPVQYt3KrkX8J3cWjcT3</marc:subfield>
            <marc:subfield code="4">https://id.oclc.org/worldcat/ontology/hasWork</marc:subfield>
        </marc:datafield>
        <marc:datafield tag="856" ind1="4" ind2="0">
            <marc:subfield code="d">gdcebookspublic</marc:subfield>
            <marc:subfield code="f">2020719541</marc:subfield>
            <marc:subfield code="u">https://hdl.loc.gov/loc.gdc/gdcebookspublic.2020719541</marc:subfield>
        </marc:datafield>
        <marc:datafield tag="856" ind1="4" ind2="0">
            <marc:subfield code="3">Biblioboard</marc:subfield>
            <marc:subfield code="u">https://library.biblioboard.com/content/48c4fa7c-6c64-48d7-a370-c72f6ef32fde</marc:subfield>
        </marc:datafield>
        <marc:datafield tag="856" ind1="4" ind2="0">
            <marc:subfield code="3">ebrary</marc:subfield>
            <marc:subfield code="u">http://site.ebrary.com/id/10991570</marc:subfield>
        </marc:datafield>
        <marc:datafield tag="856" ind1="4" ind2="0">
            <marc:subfield code="3">EBSCOhost</marc:subfield>
            <marc:subfield code="u">https://search.ebscohost.com/login.aspx?direct=true&amp;scope=site&amp;db=nlebk&amp;db=nlabk&amp;AN=991651</marc:subfield>
        </marc:datafield>
        <marc:datafield tag="856" ind1="4" ind2="0">
            <marc:subfield code="3">eDuke</marc:subfield>
            <marc:subfield code="u">https://doi.org/10.1215/9780822376125</marc:subfield>
        </marc:datafield>
        <marc:datafield tag="856" ind1="4" ind2="0">
            <marc:subfield code="3">OAPEN</marc:subfield>
            <marc:subfield code="u">https://www.oapen.org/download?type=document&amp;docid=625256</marc:subfield>
            <marc:subfield code="7">0</marc:subfield>
        </marc:datafield>
        <marc:datafield tag="856" ind1="4" ind2="0">
            <marc:subfield code="3">Project MUSE</marc:subfield>
            <marc:subfield code="u">https://muse.jhu.edu/book/64021</marc:subfield>
        </marc:datafield>
        <marc:datafield tag="856" ind1="4" ind2="0">
            <marc:subfield code="u">http://VH7QX3XE2P.search.serialssolutions.com/?V=1.0&amp;L=VH7QX3XE2P&amp;S=JCs&amp;C=TC0001381765&amp;T=marc&amp;tab=BOOKS</marc:subfield>
        </marc:datafield>
        <marc:datafield tag="856" ind1="4" ind2="2">
            <marc:subfield code="3">Biblioboard</marc:subfield>
            <marc:subfield code="u">https://library.biblioboard.com/ext/api/media/48c4fa7c-6c64-48d7-a370-c72f6ef32fde/assets/thumbnail.jpg</marc:subfield>
        </marc:datafield>
        <marc:datafield tag="856" ind1="4" ind2="0">
            <marc:subfield code="u">http://search.ebscohost.com/login.aspx?direct=true&amp;site=edspub-live&amp;scope=site&amp;type=44&amp;db=edspub&amp;authtype=ip,guest&amp;custid=ns011247&amp;groupid=main&amp;profile=eds&amp;bquery=AN%2030320731</marc:subfield>
            <marc:subfield code="z">View Full Text Options</marc:subfield>
        </marc:datafield>
        <marc:datafield tag="856" ind1="4" ind2="0">
            <marc:subfield code="3">HathiTrust Digital Library</marc:subfield>
            <marc:subfield code="u">http://catalog.hathitrust.org/api/volumes/oclc/886880728.html</marc:subfield>
        </marc:datafield>
        <marc:datafield tag="994" ind1=" " ind2=" ">
            <marc:subfield code="a">92</marc:subfield>
            <marc:subfield code="b">OCACL</marc:subfield>
        </marc:datafield>
    </marc:record>
</marc:collection>